@article{einstein,
    author = "Albert Einstein",
    title = "{Zur Elektrodynamik bewegter K{\"o}rper}. ({German})
    [{On} the electrodynamics of moving bodies]",
    journal = "Annalen der Physik",
    volume = "322",
    number = "10",
    pages = "891--921",
    year = "1905",
    DOI = "http://dx.doi.org/10.1002/andp.19053221004",
    keywords = "physics"
}

@online{dataset,
    author = "fedesoriano",
    title = "Stroke Prediction Dataset",
    url = "https://www.kaggle.com/datasets/fedesoriano/stroke-prediction-dataset",
    addendum = "(accessed: 22.05.2024)"
}

@online{smote,
    title = "SMOTE",
    url = "https://imbalanced-learn.org/stable/references/generated/imblearn.over_sampling.SMOTE.html",
    addendum = "(accessed: 22.05.2024)"
}

@online{RF,
    title = "Random Forest Algorithm in Machine Learning",
    url = "https://www.geeksforgeeks.org/random-forest-algorithm-in-machine-learning/",
    addendum = "(accessed: 22.05.2024)"
}

@online{XGBoost,
    title = "XGBoost",
    url = "https://www.geeksforgeeks.org/xgboost/",
    addendum = "(accessed: 22.05.2024)"
}